@article{ieee754,
   title={Precision & Performance: Floating Point and IEEE 754 Compliance for NVIDIA GPUs},
   author={Whitehead, N. and Fit-Florea, A.},
   journal={nVidia technical white paper},
   year={2011}
}

@Misc{compute,
  title = 	 {Compute Capabilities},
  author = 	 {NVIDIA},  
  howpublished = {\url{http://docs.nvidia.com/cuda/cuda-c-programming-guide/index.html#compute-capabilities}},
  year = 	 {2017}
}

@Misc{virtual,
  title = 	 {C/C++ Language Support},
  author = 	 {NVIDIA},  
  howpublished = {\url{http://docs.nvidia.com/cuda/cuda-c-programming-guide/index.html#virtual-functions}},
  year = 	 {2017}
}

@Misc{cuda,
  author = {NVIDIA},
  title = 	 {CUDA C Programming Guide},
  howpublished = {\url{http://docs.nvidia.com/pdf/CUDA_C_Programming_Guide.pdf}},
  year = 	 {2017},
  
}

@article{monniaux:hal-00128124,
  TITLE = {{The pitfalls of verifying floating-point computations}},
  AUTHOR = {Monniaux, David},
  URL = {https://hal.archives-ouvertes.fr/hal-00128124},
  JOURNAL = {{ACM Transactions on Programming Languages and Systems (TOPLAS)}},
  PUBLISHER = {{ACM}},
  VOLUME = {30},
  NUMBER = {3},
  PAGES = {12},
  YEAR = {2008},
  MONTH = {May},
  DOI = {10.1145/1353445.1353446},
  KEYWORDS = {floating-point ; program analysis ; rounding error ; compilers ; C programming language ; C99 ; program semantics},
  PDF = {https://hal.archives-ouvertes.fr/hal-00128124/file/floating-point-article.pdf},
  HAL_ID = {hal-00128124},
  HAL_VERSION = {v5},
}



